@article{dris2015beyond,
  title={Beyond the ocean: contamination of freshwater ecosystems with (micro-) plastic particles},
  author={Dris, Rachid and Imhof, Hannes and Sanchez, Wilfried and Gasperi, Johnny and Galgani, Fran{\c{c}}ois and Tassin, Bruno and Laforsch, Christian},
  journal={Environmental Chemistry},
  volume={12},
  number={5},
  pages={539--550},
  year={2015},
  publisher={CSIRO}
}